
@article{Poiggio1988,
   author = {G. F. Poggio and F. Gonzalez and F. Krause},
   journal = {J. Neuroscience},
   number = {12},
   pages = {4531-4550},
   title = {Stereoscopic mechanisms in monkey visual cortex:  Binocular correlation and disparity selectivity},
   volume = {8},
   year = {1988}
}
