%Harry and Schiller --- Maunsell -- when you get to the
%end, you should reference this stuff to indicate that
%receptive field properties are not stable.

%Cerebral lesions/stimulation references

%	Holmes
%	Abramov/Dobelle
%	Button and Putnam

%Schiller et al. on color properties of central pathways?

